
@TechReport{albretsen11,
  author = 	 {Albretsen, J. and A. K. Sperrevik and A. Staalstr{\o}m and A. D. Sandvik and F. Vikeb{\o} and L. C. Asplin},
  title = 	 {NorKyst-800 {R}eport {N}o. 1: {U}ser manual and technical descriptions},
  institution =  {Institute of Marine Research, Pb. 1870 Nordnes, N-5817 Bergen, Norway},
  year = 	 {2011},
  number = 	 {Fisken og Havet 2/2011},
  pages =        {37pp},
}

@article{haidvogel08,
  title={Ocean forecasting in terrain-following coordinates: Formulation and skill assessment of the Regional Ocean Modeling System},
  author={Haidvogel, Dale B and Arango, H and Budgell, W Paul and Cornuelle, Bruce D and Curchitser, Enrique and Di Lorenzo, Emanuele and Fennel, Katja and Geyer, W Rockwell and Hermann, Albert J and Lanerolle, Lyon and others},
  journal={Journal of Computational Physics},
  volume={227},
  number={7},
  pages={3595--3624},
  year={2008},
  publisher={Elsevier}
}

@article{hopkins13,
  title={Detection and variability of the Congo River plume from satellite derived sea surface temperature, salinity, ocean colour and sea level},
  author={Hopkins, Jo and Lucas, Marc and Dufau, Claire and Sutton, Marion and Stum, Jacques and Lauret, Olivier and Channelliere, Claire},
  journal={Remote Sensing of Environment},
  volume={139},
  pages={365--385},
  year={2013},
  publisher={Elsevier}
}

@article{egbert02,
  title={Efficient inverse modeling of barotropic ocean tides},
  author={Egbert, Gary D and Erofeeva, Svetlana Y},
  journal={Journal of Atmospheric and Oceanic Technology},
  volume={19},
  number={2},
  pages={183--204},
  year={2002}
}

@article{egbert94,
  title={TOPEX/POSEIDON tides estimated using a global inverse model},
  author={Egbert, Gary D and Bennett, Andrew F and Foreman, Michael GG},
  journal={Journal of Geophysical Research: Oceans (1978--2012)},
  volume={99},
  number={C12},
  pages={24821--24852},
  year={1994},
  publisher={Wiley Online Library}
}

@article{eliassen01,
  title={A numerical study of the circulation in Saltfjorden, Saltstraumen and Skjerstadfjorden},
  author={Eliassen, Inge K and Heggelund, Yngve and Haakstad, Magne},
  journal={Continental Shelf Research},
  volume={21},
  number={15},
  pages={1669--1689},
  year={2001},
  publisher={Elsevier}
}


@article{grabbe09,
  title={A review of the tidal current energy resource in Norway},
  author={Grabbe, M{\aa}rten and Lalander, Emilia and Lundin, Staffan and Leijon, Mats},
  journal={Renewable and Sustainable Energy Reviews},
  volume={13},
  number={8},
  pages={1898--1909},
  year={2009},
  publisher={Elsevier}
}

@article{lynge13,
  title={Storm surge and tidal interaction in the Tjeldsund channel, northern Norway},
  author={Lynge, Birgit Kjoss and Hjelmervik, Karina and Gjevik, Bj{\o}rn},
  journal={Ocean Dynamics},
  volume={63},
  number={7},
  pages={723--739},
  year={2013},
  publisher={Springer}
}

@article{pawlowicz02,
  title={Classical tidal harmonic analysis including error estimates in MATLAB using T\_TIDE},
  author={Pawlowicz, Rich and Beardsley, Bob and Lentz, Steve},
  journal={Computers \& Geosciences},
  volume={28},
  number={8},
  pages={929--937},
  year={2002},
  publisher={Elsevier}
}

@TechReport{roed16,
  author = 	{R{\o}ed, L. P. and N. M. Kristensen and K. B. Hjelmervik and A. Staalstr{\o}m},
  title = 	{A high-resolution, curvilinear ROMS model for the Oslofjord},
  institution = {Norwegian Meteorological Institute},
  year = 	{2016},
  type = 	{Technical Report},
  number = 	{4},
  address = 	{MET Norway, P.O.Box 43 Blindern, NO-0313 Oslo, Norway},
}

@article{rodhe96,
  title={On the dynamics of the large-scale circulation of the Skagerrak},
  author={Rodhe, Johan},
  journal={Journal of Sea Research},
  volume={35},
  number={1},
  pages={9--21},
  year={1996},
  publisher={Elsevier}
}

@article{shchepetkin05,
  title={The regional oceanic modeling system (ROMS): a split-explicit, free-surface, topography-following-coordinate oceanic model},
  author={Shchepetkin, Alexander F and McWilliams, James C},
  journal={Ocean Modelling},
  volume={9},
  number={4},
  pages={347--404},
  year={2005},
  publisher={Elsevier}
}

@article{shchepetkin09,
  title={Correction and commentary for "Ocean forecasting in terrain-following coordinates: Formulation and skill assessment of the regional ocean modeling system" by Haidvogel et al., J. Comp. Phys. 227, pp. 3595--3624},
  author={Shchepetkin, Alexander F and McWilliams, James C},
  journal={Journal of Computational Physics},
  volume={228},
  number={24},
  pages={8985--9000},
  year={2009},
  publisher={Elsevier}
}

@article{svendsen96,
  title={Model simulation of the Skagerrak circulation and hydrography during SKAGEX},
  author={Svendsen, Einar and Bemtsen, Jarle and Skogen, Morten and {\AA}dlandsvik, Bj{\o}rn and Martinsen, Eivind},
  journal={Journal of Marine Systems},
  volume={8},
  number={3},
  pages={219--236},
  year={1996},
  publisher={Elsevier}
}

@article{Tidevannstabeller,
  title={Tidevannstabeller for den norske kyst med Svalbard 2008 (in Norwegian)},
  author={Tidevannstabeller},
  journal={Statens Kartverk, Sj\o},
  volume={71},
  number={},
  year={2008},
  publisher={}
}


